<record><leader>00000cas a22000007a 4500</leader><controlfield tag="001">1773480</controlfield><controlfield tag="008">751101d18321834maudn ne      0    0eng d</controlfield><controlfield tag="009">501</controlfield><datafield ind1=" " ind2=" " tag="010"><subfield code="a">sn 83020430 </subfield></datafield><datafield ind1=" " ind2=" " tag="040"><subfield code="a">MUL</subfield><subfield code="b">eng</subfield><subfield code="c">MUL</subfield><subfield code="d">NPX</subfield><subfield code="d">DLC</subfield><subfield code="d">MGN</subfield></datafield><datafield ind1="1" ind2=" " tag="029"><subfield code="a">AU@</subfield><subfield code="b">000025792254</subfield></datafield><datafield ind1=" " ind2=" " tag="042"><subfield code="a">msc</subfield></datafield><datafield ind1=" " ind2=" " tag="043"><subfield code="a">n-us-ma</subfield></datafield><datafield ind1="0" ind2="0" tag="050"><subfield code="a">Newspaper 8339</subfield></datafield><datafield ind1="0" ind2=" " tag="130"><subfield code="a">Newburyport herald (Newburyport, Mass. : 1832)</subfield></datafield><datafield ind1="0" ind2="0" tag="245"><subfield code="a">Newburyport herald.</subfield></datafield><datafield ind1=" " ind2=" " tag="260"><subfield code="a">[Newburyport, Mass.] :</subfield><subfield code="b">E.W. Allen &amp; Co.,</subfield><subfield code="c">1832-1834.</subfield></datafield><datafield ind1=" " ind2=" " tag="300"><subfield code="a">v. ;</subfield><subfield code="c">36 cm.</subfield></datafield><datafield ind1=" " ind2=" " tag="310"><subfield code="a">Daily (except Sun.)</subfield></datafield><datafield ind1="0" ind2=" " tag="362"><subfield code="a">Vol. 1, no. 1 (Aug. 1, 1832)-v. 2, no. 567 (June 2, 1834).</subfield></datafield><datafield ind1=" " ind2=" " tag="500"><subfield code="a">Printer: J.B. Morss, &lt;1833&gt;.</subfield></datafield><datafield ind1=" " ind2=" " tag="500"><subfield code="a">Has occasional extra editions.</subfield></datafield><datafield ind1=" " ind2=" " tag="580"><subfield code="a">Semiweekly ed.: Newburyport herald (Newburyport, Mass. : 1818).</subfield></datafield><datafield ind1=" " ind2=" " tag="752"><subfield code="a">United States</subfield><subfield code="b">Massachusetts</subfield><subfield code="c">Essex</subfield><subfield code="d">Newburyport.</subfield></datafield><datafield ind1="1" ind2=" " tag="775"><subfield code="t">Newburyport herald (Newburyport, Mass. : 1818)</subfield><subfield code="w">(DLC)sn 83020438</subfield></datafield><datafield ind1="0" ind2="0" tag="785"><subfield code="t">Daily herald (Newburyport, Mass.)</subfield><subfield code="w">(DLC)sn 83020429</subfield></datafield></record>